<collection xmlns="http://www.loc.gov/MARC21/slim">
<record>
  <leader>01208nam0a22002651i 450 </leader>
  <controlfield tag="001">IT\ICCU\CNCE\078710</controlfield>
  <controlfield tag="005">20140829000000.0</controlfield>
  <datafield tag="012" ind1=" " ind2=" ">
    <subfield code="a">abum iss, m.s, a,t. (C) 1593 (R)</subfield>
    <subfield code="2">fei</subfield>
  </datafield>
  <datafield tag="100" ind1=" " ind2=" ">
    <subfield code="a">20140829d1593        0itac0103    ba</subfield>
  </datafield>
  <datafield tag="101" ind1=" " ind2=" ">
    <subfield code="a">LAT</subfield>
  </datafield>
  <datafield tag="102" ind1=" " ind2=" ">
    <subfield code="a">IT</subfield>
  </datafield>
  <datafield tag="200" ind1="1" ind2=" ">
    <subfield code="a">In praeturam illustrissimi viri Antonii Ciconia Raspurch praefecti. Nusso Nussio auctore</subfield>
  </datafield>
  <datafield tag="210" ind1=" " ind2=" ">
    <subfield code="a">Taruisii</subfield>
    <subfield code="c">apud Dominicum Amicum</subfield>
    <subfield code="d">1593</subfield>
  </datafield>
  <datafield tag="215" ind1=" " ind2=" ">
    <subfield code="a">\8! c.</subfield>
    <subfield code="d">4ʻ</subfield>
  </datafield>
  <datafield tag="620" ind1=" " ind2=" ">
    <subfield code="a">IT</subfield>
    <subfield code="d">Treviso</subfield>
  </datafield>
  <datafield tag="700" ind1=" " ind2="1">
    <subfield code="a">Nussio,</subfield>
    <subfield code="b">Nussio</subfield>
    <subfield code="3">IT\ICCU\CNCA\008623</subfield>
  </datafield>
  <datafield tag="712" ind1="0" ind2="0">
    <subfield code="a">Amici, Domenico</subfield>
    <subfield code="3">IT\ICCU\CNCT\000419</subfield>
    <subfield code="4">650</subfield>
  </datafield>
  <datafield tag="790" ind1=" " ind2="1">
    <subfield code="a">Nussius,</subfield>
    <subfield code="b">Nussus</subfield>
    <subfield code="3">IT\ICCU\CNCA\022084</subfield>
    <subfield code="z">Nussio, Nussio</subfield>
  </datafield>
  <datafield tag="791" ind1="0" ind2="0">
    <subfield code="a">Amicis, Dominicus de</subfield>
    <subfield code="3">IT\ICCU\CNCT\004241</subfield>
    <subfield code="z">Amici, Domenico</subfield>
  </datafield>
  <datafield tag="791" ind1="0" ind2="0">
    <subfield code="a">Amicus, Dominicus</subfield>
    <subfield code="3">IT\ICCU\CNCT\004242</subfield>
    <subfield code="z">Amici, Domenico</subfield>
  </datafield>
  <datafield tag="801" ind1=" " ind2="3">
    <subfield code="a">IT</subfield>
    <subfield code="b">ICCU</subfield>
    <subfield code="c">20201115</subfield>
  </datafield>
  <datafield tag="899" ind1=" " ind2=" ">
    <subfield code="a">Biblioteca statale. Lucca</subfield>
    <subfield code="1">LU0022</subfield>
    <subfield code="2">LUA BL</subfield>
  </datafield>
  <datafield tag="899" ind1=" " ind2=" ">
    <subfield code="a">Biblioteca d&apos;arte del Museo civico Correr. Venezia</subfield>
    <subfield code="1">VE0039</subfield>
    <subfield code="2">VEA BC</subfield>
  </datafield>
  <datafield tag="911" ind1=" " ind2=" ">
    <subfield code="a">Sul front.</subfield>
    <subfield code="9">IT\ICCU\CNCM\000063</subfield>
  </datafield>
  <datafield tag="921" ind1=" " ind2=" ">
    <subfield code="a">IT\ICCU\CNCM\000063</subfield>
    <subfield code="b">Fiamma che si innalza da ara decorata con ghirlanda e mascheroni. In cornice figurata</subfield>
    <subfield code="e">Omni tempore.</subfield>
    <subfield code="c">V5</subfield>
    <subfield code="c">Z556</subfield>
    <subfield code="d">Dimensioni: 5,5 x 7,6</subfield>
    <subfield code="f">CIPPO</subfield>
    <subfield code="f">FIAMME</subfield>
    <subfield code="f">OMNITEMPOR</subfield>
    <subfield code="g">1591-1600</subfield>
  </datafield>
</record>
</collection>
